@comment{x-kbibtex-personnameformatting=<%l><, %f>}


@book{debarre,
  title={Higher-dimensional algebraic geometry},
  author={Debarre, Olivier},
  year={2013},
  publisher={Springer Science \& Business Media}
}

@book {MAT,
    AUTHOR = {Matsumura, Hideyuki},
     TITLE = {Commutative ring theory},
    SERIES = {Cambridge Studies in Advanced Mathematics},
    VOLUME = {8},
   EDITION = {Second},
      NOTE = {Translated from the Japanese by M. Reid},
 PUBLISHER = {Cambridge University Press, Cambridge},
      YEAR = {1989},
     PAGES = {xiv+320},
      ISBN = {0-521-36764-6},
   MRCLASS = {13-01},
  MRNUMBER = {1011461},
}


@book{neron,
  title={N{\'e}ron models},
  author={Bosch, Siegfried and L{\"u}tkebohmert, Werner and Raynaud, Michel},
  volume={21},
  year={2012},
  publisher={Springer Science \& Business Media}
}


@article {Joyce,
    AUTHOR = {Joyce, Dominic},
     TITLE = {Constructible functions on {A}rtin stacks},
   JOURNAL = {J. London Math. Soc. (2)},
  FJOURNAL = {Journal of the London Mathematical Society. Second Series},
    VOLUME = {74},
      YEAR = {2006},
    NUMBER = {3},
     PAGES = {583--606},
      ISSN = {0024-6107},
   MRCLASS = {14A20 (14C17 32S60)},
  MRNUMBER = {2286434},
MRREVIEWER = {Andrew Kresch},
       URL = {https://doi.org/10.1112/S0024610706023180},
}

@book {LMB,
    AUTHOR = {Laumon, G\'erard and Moret-Bailly, Laurent},
     TITLE = {Champs alg\'ebriques},
    SERIES = {Ergebnisse der Mathematik und ihrer Grenzgebiete. 3. Folge. A
              Series of Modern Surveys in Mathematics [Results in
              Mathematics and Related Areas. 3rd Series. A Series of Modern
              Surveys in Mathematics]},
    VOLUME = {39},
 PUBLISHER = {Springer-Verlag, Berlin},
      YEAR = {2000},
     PAGES = {xii+208},
      ISBN = {3-540-65761-4},
   MRCLASS = {14A20 (14D20)},
  MRNUMBER = {1771927},
MRREVIEWER = {Dan Edidin},
}
		
@article {OlssonHOM,
    AUTHOR = {Olsson, Martin C.},
     TITLE = {{$\underline {\rm Hom}$}-stacks and restriction of scalars},
   JOURNAL = {Duke Math. J.},
  FJOURNAL = {Duke Mathematical Journal},
    VOLUME = {134},
      YEAR = {2006},
    NUMBER = {1},
     PAGES = {139--164},
      ISSN = {0012-7094},
   MRCLASS = {14A20 (14D20)},
  MRNUMBER = {2239345},
MRREVIEWER = {Thomas Nevins},
       URL = {https://doi.org/10.1215/S0012-7094-06-13414-2},
}

@article {Rydh,
    AUTHOR = {Rydh, David},
     TITLE = {Noetherian approximation of algebraic spaces and stacks},
   JOURNAL = {J. Algebra},
  FJOURNAL = {Journal of Algebra},
    VOLUME = {422},
      YEAR = {2015},
     PAGES = {105--147},
      ISSN = {0021-8693},
   MRCLASS = {14A20},
  MRNUMBER = {3272071},
MRREVIEWER = {Hsian-Hua Tseng},
       URL = {https://doi.org/10.1016/j.jalgebra.2014.09.012},
}




@incollection{CKL,
	author = "Cox, David A. and Katz, Sheldon and Lee, Yuan-Pin",
	booktitle = "{Advances in algebraic geometry motivated by physics ({L}owell, {MA}, 2000)}",
	doi = "10.1090/conm/276/04519",
	mrclass = "14N10 (14D20)",
	mrnumber = "1837116",
	pages = "157--166",
	publisher = "Amer. Math. Soc., Providence, RI",
	series = "{Contemp. Math.}",
	title = "{Virtual fundamental classes of zero loci}",
	url = "http://0-dx.doi.org.pugwash.lib.warwick.ac.uk/10.1090/conm/276/04519",
	volume = "276",
	year = "2001"
}

@article{CL,
	author = "Chang, Huai-Liang and Li, Jun",
	fjournal = "Journal of Differential Geometry",
	issn = "0022-040X",
	journal = "J. Differential Geom.",
	mrclass = "14N35 (53D45)",
	mrnumber = "3343833",
	mrreviewer = "Sergiy Koshkin",
	number = "2",
	pages = "251--299",
	title = "{An algebraic proof of the hyperplane property of the genus one {GW}-invariants of quintics}",
	url = "http://0-projecteuclid.org.pugwash.lib.warwick.ac.uk/euclid.jdg/1430744122",
	volume = "100",
	year = "2015"
}


@article {CLpfields,
    AUTHOR = {Chang, Huai-Liang and Li, Jun},
     TITLE = {Gromov-{W}itten invariants of stable maps with fields},
   JOURNAL = {Int. Math. Res. Not. IMRN},
  FJOURNAL = {International Mathematics Research Notices. IMRN},
      YEAR = {2012},
    NUMBER = {18},
     PAGES = {4163--4217},
      ISSN = {1073-7928},
   MRCLASS = {14N35 (53D45)},
  MRNUMBER = {2975379},
MRREVIEWER = {Artan Sheshmani},
       URL = {https://doi.org/10.1093/imrn/rnr186},
}

@article{DM,
	author = "Deligne, P. and Mumford, D.",
	fjournal = "Institut des Hautes {\'E}tudes Scientifiques. Publications Math{\'e}matiques",
	issn = "0073-8301",
	journal = "Inst. Hautes {\'E}tudes Sci. Publ. Math.",
	mrclass = "14.20",
	mrnumber = "0262240",
	mrreviewer = "Manfred Herrmann",
	number = "36",
	pages = "75--109",
	title = "{The irreducibility of the space of curves of given genus}",
	year = "1969"
}

@article{HL,
	author = "Hu, Yi and Li, Jun",
	coden = "MAANA",
	doi = "10.1007/s00208-010-0504-8",
	fjournal = "Mathematische Annalen",
	issn = "0025-5831",
	journal = "Math. Ann.",
	mrclass = "14D23 (14D20 14E15)",
	mrnumber = "2721647",
	mrreviewer = "Cristina Mart{\'i}nez",
	number = "4",
	pages = "929--963",
	title = "{Genus-one stable maps, local equations, and {V}akil-{Z}inger's desingularization}",
	url = "http://0-dx.doi.org.pugwash.lib.warwick.ac.uk/10.1007/s00208-010-0504-8",
	volume = "348",
	year = "2010"
}

@article{KKP,
	author = "Kim, Bumsig and Kresch, Andrew and Pantev, Tony",
	coden = "JPAAA2",
	doi = "10.1016/S0022-4049(02)00293-1",
	fjournal = "Journal of Pure and Applied Algebra",
	issn = "0022-4049",
	journal = "J. Pure Appl. Algebra",
	mrclass = "14N35 (14C17 14J10)",
	mrnumber = "1958379",
	mrreviewer = "Kevin Joseph Costello",
	number = "1-2",
	pages = "127--136",
	title = "{Functoriality in intersection theory and a conjecture of {C}ox, {K}atz, and {L}ee}",
	url = "http://0-dx.doi.org.pugwash.lib.warwick.ac.uk/10.1016/S0022-4049(02)00293-1",
	volume = "179",
	year = "2003"
}

@incollection{KON,
	author = "Kontsevich, Maxim",
	booktitle = "{The moduli space of curves ({T}exel {I}sland, 1994)}",
	doi = "10.1007/978-1-4612-4264-2_12",
	mrclass = "14N10 (14D22 14L30)",
	mrnumber = "1363062",
	mrreviewer = "Anatoly Libgober",
	pages = "335--368",
	publisher = "Birkh{\"a}user Boston, Boston, MA",
	series = "{Progr. Math.}",
	title = "{Enumeration of rational curves via torus actions}",
	url = "http://0-dx.doi.org.pugwash.lib.warwick.ac.uk/10.1007/978-1-4612-4264-2_12",
	volume = "129",
	year = "1995"
}

@article{LZ,
	author = "Li, Jun and Zinger, Aleksey",
	coden = "PJMAAI",
	doi = "10.2140/pjm.2007.233.417",
	fjournal = "Pacific Journal of Mathematics",
	issn = "0030-8730",
	journal = "Pacific J. Math.",
	mrclass = "14N35 (14J32 53D45)",
	mrnumber = "2366383",
	mrreviewer = "Hsian-Hua Tseng",
	number = "2",
	pages = "417--480",
	title = "{Gromov-{W}itten invariants of a quintic threefold and a rigidity conjecture}",
	url = "http://0-dx.doi.org.pugwash.lib.warwick.ac.uk/10.2140/pjm.2007.233.417",
	volume = "233",
	year = "2007"
}

@article{SMY1,
	author = "Smyth, David Ishii",
	doi = "10.1112/S0010437X10005014",
	fjournal = "Compositio Mathematica",
	issn = "0010-437X",
	journal = "Compos. Math.",
	mrclass = "14D23 (14H10)",
	mrnumber = "2801404",
	mrreviewer = "Concettina Galati",
	number = "3",
	pages = "877--913",
	title = "{Modular compactifications of the space of pointed elliptic curves {I}}",
	url = "http://0-dx.doi.org.pugwash.lib.warwick.ac.uk/10.1112/S0010437X10005014",
	volume = "147",
	year = "2011"
}

@article{SMY2,
	author = "Smyth, David Ishii",
	doi = "10.1112/S0010437X11005549",
	fjournal = "Compositio Mathematica",
	issn = "0010-437X",
	journal = "Compos. Math.",
	mrclass = "14H10 (14D23 14E30 14H52)",
	mrnumber = "2862065",
	mrreviewer = "Hsian-Hua Tseng",
	number = "6",
	pages = "1843--1884",
	title = "{Modular compactifications of the space of pointed elliptic curves {II}}",
	url = "http://0-dx.doi.org.pugwash.lib.warwick.ac.uk/10.1112/S0010437X11005549",
	volume = "147",
	year = "2011"
}

@article{Vre,
	author = "Vakil, Ravi",
	coden = "JRMAA8",
	doi = "10.1515/crll.2000.094",
	fjournal = "Journal f{\"u}r die Reine und Angewandte Mathematik",
	issn = "0075-4102",
	journal = "J. Reine Angew. Math.",
	mrclass = "14N10 (14H10 14N35)",
	mrnumber = "1799935",
	mrreviewer = "Gilberto Bini",
	pages = "101--153",
	title = "{The enumerative geometry of rational and elliptic curves in projective space}",
	url = "http://0-dx.doi.org.pugwash.lib.warwick.ac.uk/10.1515/crll.2000.094",
	volume = "529",
	year = "2000"
}

@article{VZ,
	author = "Vakil, Ravi and Zinger, Aleksey",
	doi = "10.2140/gt.2008.12.1",
	fjournal = "Geometry \& Topology",
	issn = "1465-3060",
	journal = "Geom. Topol.",
	mrclass = "14D20 (14N35)",
	mrnumber = "2377245",
	mrreviewer = "Charles D. Cadman",
	number = "1",
	pages = "1--95",
	title = "{A desingularization of the main component of the moduli space of genus-one stable maps into {$\mathbb P^n$}}",
	url = "http://0-dx.doi.org.pugwash.lib.warwick.ac.uk/10.2140/gt.2008.12.1",
	volume = "12",
	year = "2008"
}

@article{VZpreview,
	author = "Vakil, Ravi and Zinger, Aleksey",
	doi = "10.1090/S1079-6762-07-00174-6",
	fjournal = "Electronic Research Announcements of the American Mathematical Society",
	issn = "1079-6762",
	journal = "Electron. Res. Announc. Amer. Math. Soc.",
	mrclass = "14C05 (14D20 14H10 14N35)",
	mrnumber = "2320682",
	mrreviewer = "Cristina Mart{\'i}nez",
	pages = "53--59",
	title = "{A natural smooth compactification of the space of elliptic curves in projective space}",
	url = "http://0-dx.doi.org.pugwash.lib.warwick.ac.uk/10.1090/S1079-6762-07-00174-6",
	volume = "13",
	year = "2007"
}

@article{VISC,
	author = "Viscardi, Michael",
	doi = "10.1007/s00229-011-0513-2",
	fjournal = "Manuscripta Mathematica",
	issn = "0025-2611",
	journal = "Manuscripta Math.",
	mrclass = "14D23 (14H10)",
	mrnumber = "2959678",
	mrreviewer = "Jonathan Wise",
	number = "1-2",
	pages = "201--236",
	title = "{Alternate compactifications of the moduli space of genus one maps}",
	url = "http://0-dx.doi.org.pugwash.lib.warwick.ac.uk/10.1007/s00229-011-0513-2",
	volume = "139",
	year = "2012"
}

@misc{stacks-project,
	author = "{Stacks Project Authors}, The",
	howpublished = "\url{http://stacks.math.columbia.edu}",
	shorthand = "Stacks",
	title = "{\itshape Stacks Project}",
	year = "2016"
}

@article{CONR,
	author = "Conrad, Brian",
	doi = "10.1017/S1474748006000089",
	fjournal = "Journal of the Institute of Mathematics of Jussieu. JIMJ. Journal de l'Institut de Math{\'e}matiques de Jussieu",
	issn = "1474-7480",
	journal = "J. Inst. Math. Jussieu",
	mrclass = "11G18 (11F25 14G22)",
	mrnumber = "2311664",
	mrreviewer = "Mihran Papikian",
	number = "2",
	pages = "209--278",
	title = "{Arithmetic moduli of generalized elliptic curves}",
	url = "http://dx.doi.org/10.1017/S1474748006000089",
	volume = "6",
	year = "2007"
}

@book{HAR,
	author = "Hartshorne, Robin",
	isbn = "0-387-90244-9",
	mrclass = "14-01",
	mrnumber = "0463157",
	mrreviewer = "Robert Speiser",
	note = "Graduate Texts in Mathematics, No. 52",
	pages = "xvi+496",
	publisher = "Springer-Verlag, New York-Heidelberg",
	title = "{Algebraic geometry}",
	year = "1977"
}

@book{FUL,
	author = "Fulton, William",
	doi = "10.1007/978-1-4612-1700-8",
	edition = "Second",
	isbn = "3-540-62046-X; 0-387-98549-2",
	mrclass = "14C17 (14-02)",
	mrnumber = "1644323",
	pages = "xiv+470",
	publisher = "Springer-Verlag, Berlin",
	series = "{Ergebnisse der Mathematik und ihrer Grenzgebiete. 3. Folge. A Series of Modern Surveys in Mathematics [Results in Mathematics and Related Areas. 3rd Series. A Series of Modern Surveys in Mathematics]}",
	title = "{Intersection theory}",
	url = "http://dx.doi.org/10.1007/978-1-4612-1700-8",
	volume = "2",
	year = "1998"
}


@ARTICLE{RSPW,
   author = {{Ranganathan}, D. and {Santos-Parker}, K. and {Wise}, J.},
    title = "{Moduli of stable maps in genus one and logarithmic geometry I}",
  journal = {ArXiv e-prints},
archivePrefix = "arXiv",
   eprint = {1708.02359},
 primaryClass = "math.AG",
 keywords = {Mathematics - Algebraic Geometry},
     year = 2017,
    month = aug,
   adsurl = {http://adsabs.harvard.edu/abs/2017arXiv170802359R},
  adsnote = {Provided by the SAO/NASA Astrophysics Data System}
}

@article {HassettHyeon,
    AUTHOR = {Hassett, Brendan and Hyeon, Donghoon},
     TITLE = {Log canonical models for the moduli space of curves: the first
              divisorial contraction},
   JOURNAL = {Trans. Amer. Math. Soc.},
  FJOURNAL = {Transactions of the American Mathematical Society},
    VOLUME = {361},
      YEAR = {2009},
    NUMBER = {8},
     PAGES = {4471--4489},
      ISSN = {0002-9947},
   MRCLASS = {14H10 (14E30)},
  MRNUMBER = {2500894},
MRREVIEWER = {Hsian-Hua Tseng},
       URL = {https://doi.org/10.1090/S0002-9947-09-04819-3},
}